<?xml version="1.0" encoding="UTF-8"?><collection xmlns="http://www.loc.gov/MARC21/slim"><record><leader>00530nam--2200193-u-4500</leader><controlfield tag="001">000052459</controlfield><controlfield tag="002">20161230</controlfield><controlfield tag="005">20170224085702</controlfield><controlfield tag="008">100715s1000------------r-----000-0-eng-d</controlfield><datafield ind1=" " ind2=" " tag="020"><subfield code="a">9789812569554</subfield></datafield><datafield ind1=" " ind2=" " tag="040"><subfield code="a">IFIN-HH</subfield></datafield><datafield ind1=" " ind2=" " tag="080"><subfield code="a">539.14:539.142.3</subfield></datafield><datafield ind1="1" ind2=" " tag="100"><subfield code="a">Rowe, David J</subfield></datafield><datafield ind1="1" ind2="0" tag="245"><subfield code="a">Fundamentals of Nuclear Models</subfield><subfield code="b">Foundational Models</subfield><subfield code="c">David J. Rowe, John L. Wood</subfield></datafield><datafield ind1=" " ind2=" " tag="260"><subfield code="a">New Jersey</subfield><subfield code="b">World Scientific</subfield><subfield code="c">2010</subfield></datafield><datafield ind1=" " ind2=" " tag="300"><subfield code="a">652 p</subfield></datafield><datafield ind1="1" ind2=" " tag="700"><subfield code="a">Wood, John L</subfield></datafield><datafield ind1=" " ind2=" " tag="852"><subfield code="a">82283</subfield><subfield code="c">539</subfield></datafield><datafield ind1=" " ind2=" " tag="CAT"><subfield code="a">SYS</subfield><subfield code="c">20170224</subfield><subfield code="h">085702</subfield></datafield></record></collection>